@article{tomasello2007shared,
  title={Shared intentionality},
  author={Tomasello, Michael and Carpenter, Malinda},
  journal={Developmental science},
  volume={10},
  number={1},
  pages={121--125},
  year={2007},
  publisher={Wiley Online Library}
}

@article{clark2003pointing,
  title={Pointing and placing},
  author={Clark, Herbert H},
  journal={Pointing: Where language, culture, and cognition meet},
  pages={243--268},
  year={2003}
}

@book{jaszczolt2005default,
  title={Default semantics: Foundations of a compositional theory of acts of communication},
  author={Jaszczolt, Katarzyna},
  year={2005},
  publisher={Oxford Linguistics}
}

@book{fillmore1997lectures,
  title={Lectures on deixis},
  author={Fillmore, Charles J},
  year={1997},
  publisher={CSLI publications}
}

@book{hanks1990referential,
  title={Referential practice: Language and lived space among the Maya},
  author={Hanks, William F},
  year={1990},
  publisher={University of Chicago Press}
}

@misc{hurford1983coursebook,
  title={A Coursebook},
  author={Hurford, James and HEASLEY, BRENDAN and SMITH, MICHAEL B},
  year={1983},
  publisher={Cambridge University Press}
}

@article{gutwin2002descriptive,
  title={A descriptive framework of workspace awareness for real-time groupware},
  author={Gutwin, Carl and Greenberg, Saul},
  journal={Computer Supported Cooperative Work (CSCW)},
  volume={11},
  number={3},
  pages={411--446},
  year={2002},
  publisher={Springer}
}

@article{john_ioannidis_coherent_1991,
	title = {Coherent File Distribution Protocol},
	volume = {{RFC} 1235 {(Experimental)}},
	issn = {2070-1721},
	url = {http://www.rfc-editor.org/rfc/rfc1235.txt},
	abstract = {This memo describes the Coherent File Distribution Protocol {(CFDP).} This is an Experimental Protocol for the Internet community. It does not specify an Internet standard.},
	journal = {Internet Request for Comments},
	author = {John Ioannidis and Gerald Q. Maguire Jr.},
	month = jun,
	year = {1991}

}

@article{postel_internet_1981,
	title = {Internet Protocol},
	volume = {{RFC} 791 {(Standard)}},
	issn = {2070-1721},
	url = {http://www.rfc-editor.org/rfc/rfc791.txt},
	journal = {Internet Request for Comments},
	author = {Postel, J.},
	month = sep,
	year = {1981},
	note = {Updated by {RFC} 1349}
}

@article{deering_internet_1998,
	title = {Internet Protocol, Version 6 {(IPv6)} Specification},
	volume = {{RFC} 2460 {(Draft} Standard)},
	issn = {2070-1721},
	url = {http://www.rfc-editor.org/rfc/rfc2460.txt},
	abstract = {This document specifies version 6 of the Internet Protocol {(IPv6)}, also sometimes referred to as {IP} Next Generation or {IPng.} {[STANDARDS-TRACK]}},
	journal = {Internet Request for Comments},
	author = {Deering, S. and Hinden, R.},
	month = dec,
	year = {1998},
	note = {Updated by {RFCs} 5095, 5722, 5871}
}

@mastersthesis {a_new_synchronization_protocol_for_sqlite_databases,
        author = {Shitan Long},
        title = {Database synchronization between devices: A new synchronization protocol for SQLite databases},
        school = {KTH, School of Information and Communication (ICT), Stockholm},
        url = {http://urn.kb.se/resolve?urn=urn:nbn:se:kth:diva-46712},
        note = {{TRITA-ICT-EX-}2011:88},
        year = {2011},
        month = {May}
}
                  
@book{brent_s._baxter_standard_1982,
	address = {New York  {N.Y.}},
	title = {A standard format for digital image exchange},
	isbn = {9780883184080},
	publisher = {Published for the American Association of Physicists in Medicine by the American Institute of Physics},
	author = {{Brent S. Baxter} and {Lewis E. Hitchner} and {Gerald Q. Maguire Jr.}},
	year = {1982}
}


@inproceedings{anand_kannan_n-ary_2012,
	title = {N-ary tree based key distribution in a network as a service provisioning model},
	isbn = {9781450311960},
	url = {http://dl.acm.org/citation.cfm?doid=2345396.2345550},
	doi = {10.1145/2345396.2345550},
	abstract = {Cloud networking is a new technology which integrates network provisioning with the existing cloud service provisioning models. This integration allows service providers to provision network resources together with network performance guarantees as a part of their service offering. However, the introduction of multiple providers and service levels introduces many security challenges. One such challenge is identity management, especially authentication of different entities. This paper presents an analysis of a management scheme deployed in a simulated cloud network test bed. Our results show that this scheme is faster than binary and erasure encoding schemes. The scheme uses an N-ary approach and thus allows the placement of n entities at each level, unlike the binary scheme which is restricted to two entities.},
	urldate = {2013-03-13},
	booktitle = {{ICACCI} '12 Proceedings of the International Conference on Advances in Computing, Communications and Informatics},
	publisher = {{ACM} Press},
	author = {{Anand Kannan} and {Gerald Q. Maguire Jr.} and {Ayush Sharma} and {Volker Fusenig} and {Peter Schoo}},
	year = {2012},
	pages = {952}
}

@book{fillmore1997lectures,
  title={Lectures on deixis},
  author={Fillmore, Charles J},
  year={1997},
  publisher={CSLI publications}
}

@article{huddleston2006coordination,
  title={Coordination and subordination},
  author={Huddleston, Rodney and Pullum, Geoffrey K},
  journal={The handbook of English linguistics},
  pages={198},
  year={2006},
  publisher={Blackwell Publishing}
}

@article{goldin2007young,
  title={Young children use their hands to tell their mothers what to say},
  author={Goldin-Meadow, Susan and Goodrich, Whitney and Sauer, Eve and Iverson, Jana},
  journal={Developmental science},
  volume={10},
  number={6},
  pages={778--785},
  year={2007},
  publisher={Wiley Online Library}
}

@inproceedings{carstensen1999computer,
  title={Computer supported cooperative work: New challenges to systems design},
  author={Carstensen, Peter H and Schmidt, Kjeld},
  booktitle={In K. Itoh (Ed.), Handbook of Human Factors},
  year={1999},
  organization={Citeseer}
}

@inproceedings{brinck1992collaborative,
  title={A collaborative medium for the support of conversational props},
  author={Brinck, Tom and Gomez, Louis M},
  booktitle={Proceedings of the 1992 ACM conference on Computer-supported cooperative work},
  pages={171--178},
  year={1992},
  organization={ACM}
}

@article{martin1995smart,
  title={SMART 2000 conferencing system: what we learned from developing the system},
  author={Martin, David A},
  journal={Groupware for real-time drawing. London: McGraw-Hill},
  year={1995}
}

@book{moran1995some,
  title={Some design principles for sharing in tivoli, a whiteboard meeting-support tool},
  author={Moran, Thomas P and McCall, Kim and van Melle, Bill and Pedersen, E Ronby and Halasz, Frank},
  volume={1995},
  year={1995},
  publisher={McGraw-Hill International (UK)}
}

@inproceedings{pedersen1993tivoli,
  title={Tivoli: An electronic whiteboard for informal workgroup meetings},
  author={Pedersen, Elin R{\o}nby and McCall, Kim and Moran, Thomas P and Halasz, Frank G},
  booktitle={Proceedings of the INTERACT'93 and CHI'93 conference on Human factors in computing systems},
  pages={391--398},
  year={1993},
  organization={ACM}
}

@inproceedings{taura1997collaboration,
  title={Collaboration media for shape design},
  author={Taura, TOSHIHARU and Yamagishi, ATSUSHI and Nagasaka, ICHIRO},
  booktitle={Proc. 3rd International Federation for Information Processing},
  pages={369--385},
  year={1997}
}

@article{xueguang2004research,
  title={Research and Analysis of the Development of CSCW [J]},
  author={Xueguang, Song Haigang Chen},
  journal={Computer Engineering and Applications},
  volume={1},
  pages={001},
  year={2004}
}

@article{lei2002human,
  title={HUMAN HUMAN INTERACTIVE INTERFACE IN CSCW SYSTEM},
  author={Lei, Shi and Baomin, Xu},
  journal={Computer Applications and Software},
  volume={3},
  pages={006},
  year={2002}
}

@inproceedings{ishii1992clearboard,
  title={ClearBoard: a seamless medium for shared drawing and conversation with eye contact},
  author={Ishii, Hiroshi and Kobayashi, Minoru},
  booktitle={Proceedings of the SIGCHI conference on Human factors in computing systems},
  pages={525--532},
  year={1992},
  organization={ACM}
}

@article{ishii1993integration,
  title={Integration of interpersonal space and shared workspace: ClearBoard design and experiments},
  author={Ishii, Hiroshi and Kobayashi, Minoru and Grudin, Jonathan},
  journal={ACM Transactions on Information Systems (TOIS)},
  volume={11},
  number={4},
  pages={349--375},
  year={1993},
  publisher={ACM}
}

@article{ishii1994iterative,
  title={Iterative design of seamless collaboration media},
  author={Ishii, Hiroshi and Kobayashi, Minoru and Arita, Kazuho},
  journal={Communications of the ACM},
  volume={37},
  number={8},
  pages={83--97},
  year={1994},
  publisher={ACM}
}

@article{tang1991videodraw,
  title={VideoDraw: a video interface for collaborative drawing},
  author={Tang, John C and Minneman, Scott L},
  journal={ACM Transactions on Information Systems (TOIS)},
  volume={9},
  number={2},
  pages={170--184},
  year={1991},
  publisher={ACM}
}

@article{gellersen2002multi,
  title={Multi-sensor context-awareness in mobile devices and smart artifacts},
  author={Gellersen, Hans W and Schmidt, Albercht and Beigl, Michael},
  journal={Mobile Networks and Applications},
  volume={7},
  number={5},
  pages={341--351},
  year={2002},
  publisher={Springer-Verlag New York, Inc.}
}

@book{clark1996using,
  title={Using language},
  author={Clark, Herbert H},
  year={1996},
  publisher={Cambridge university press}
}

@article{tang1991findings,
  title={Findings from observational studies of collaborative work},
  author={Tang, John C},
  journal={International Journal of Man-machine studies},
  volume={34},
  number={2},
  pages={143--160},
  year={1991},
  publisher={Elsevier}
}

@inproceedings{robinson2007distributed,
  title={Distributed tabletops: Supporting remote and mixed-presence tabletop collaboration},
  author={Robinson, Peter and Tuddenham, Philip},
  booktitle={Horizontal Interactive Human-Computer Systems, 2007. TABLETOP'07. Second Annual IEEE International Workshop on},
  pages={19--26},
  year={2007},
  organization={IEEE}
}

@article{carroll2003notification,
  title={Notification and awareness: synchronizing task-oriented collaborative activity},
  author={Carroll, John M and Neale, Dennis C and Isenhour, Philip L and Rosson, Mary Beth and McCrickard, D Scott},
  journal={International Journal of Human-Computer Studies},
  volume={58},
  number={5},
  pages={605--632},
  year={2003},
  publisher={Elsevier}
}




